<?xml version="1.0" encoding="UTF-8"?><collection xmlns="http://www.loc.gov/MARC21/slim"><record><leader>00462nam--2200181-i-4500</leader><controlfield tag="001">000012336</controlfield><controlfield tag="002">20161230</controlfield><controlfield tag="005">20161230201029</controlfield><controlfield tag="008">060222s1000------------r-----000-0-eng-d</controlfield><datafield ind1=" " ind2=" " tag="040"><subfield code="a">IFIN-HH</subfield></datafield><datafield ind1=" " ind2=" " tag="080"><subfield code="a">539.14(082.1)</subfield></datafield><datafield ind1="1" ind2=" " tag="100"><subfield code="a">Burge, E.J</subfield></datafield><datafield ind1="1" ind2="0" tag="245"><subfield code="a">Atomic nuclei and their particles</subfield><subfield code="c">E.j. burge</subfield></datafield><datafield ind1=" " ind2=" " tag="260"><subfield code="a">Oxford</subfield><subfield code="b">Clarendon Press</subfield><subfield code="c">1977</subfield></datafield><datafield ind1=" " ind2=" " tag="300"><subfield code="a">193 P</subfield></datafield><datafield ind1=" " ind2=" " tag="490"><subfield code="a">Oxford Physics Series</subfield></datafield><datafield ind1=" " ind2=" " tag="852"><subfield code="a">43083</subfield><subfield code="c">53</subfield></datafield><datafield ind1=" " ind2=" " tag="CAT"><subfield code="a">Sys</subfield><subfield code="c">20150324</subfield><subfield code="h">085700</subfield></datafield></record></collection>